<record><leader>00000cas a22000007a 4500</leader><controlfield tag="001">31163717</controlfield><controlfield tag="008">940923d19071915nyudr ne      0    0eng d</controlfield><datafield ind1=" " ind2=" " tag="010"><subfield code="a">sn 94057928 </subfield></datafield><datafield ind1=" " ind2=" " tag="040"><subfield code="a">NYS</subfield><subfield code="b">eng</subfield><subfield code="c">NYS</subfield><subfield code="d">OCLCQ</subfield></datafield><datafield ind1=" " ind2=" " tag="042"><subfield code="a">msc</subfield></datafield><datafield ind1="0" ind2=" " tag="130"><subfield code="a">Lockport journal (Lockport, N.Y. : 1907)</subfield></datafield><datafield ind1="1" ind2="0" tag="245"><subfield code="a">Lockport journal.</subfield></datafield><datafield ind1=" " ind2=" " tag="260"><subfield code="a">Lockport, N.Y. :</subfield><subfield code="b">[s.n.]</subfield></datafield><datafield ind1=" " ind2=" " tag="300"><subfield code="a">v.</subfield></datafield><datafield ind1=" " ind2=" " tag="310"><subfield code="a">Daily</subfield></datafield><datafield ind1="1" ind2=" " tag="362"><subfield code="a">Began in 1907; ceased in 1915?</subfield></datafield><datafield ind1=" " ind2=" " tag="588"><subfield code="a">Description based on: Dec. 12, 1907.</subfield></datafield><datafield ind1=" " ind2="4" tag="651"><subfield code="a">Lockport (N.Y.)</subfield><subfield code="v">Newspapers.</subfield></datafield><datafield ind1=" " ind2=" " tag="752"><subfield code="a">United States</subfield><subfield code="b">New York</subfield><subfield code="c">Niagara</subfield><subfield code="d">Lockport.</subfield></datafield><datafield ind1="1" ind2=" " tag="775"><subfield code="t">Niagara County journal</subfield></datafield><datafield ind1="0" ind2="0" tag="780"><subfield code="t">Lockport daily journal (Lockport, N.Y. : 1905)</subfield><subfield code="w">(DLC)sn 94057927</subfield></datafield><datafield ind1="0" ind2="7" tag="785"><subfield code="t">Lockport union-sun</subfield><subfield code="w">(DLC)sn 84031270</subfield><subfield code="w">(OCoLC)10776225</subfield></datafield><datafield ind1="0" ind2="7" tag="785"><subfield code="t">Lockport union-sun &amp; journal</subfield><subfield code="w">(DLC)sn 95071026</subfield><subfield code="w">(OCoLC)31860528</subfield></datafield><datafield ind1="1" ind2=" " tag="029"><subfield code="a">AU@</subfield><subfield code="b">000011276891</subfield></datafield></record>